%% This BibTeX bibliography file was created using BibDesk.
%% http://bibdesk.sourceforge.net/


%% Created for VF at 2017-09-27 12:21:29 -0500 


%% Saved with string encoding Unicode (UTF-8) 



@article{aftalion,
	Author = {A. Aftalion, E. Sandier and S. Serfaty},
	Journal = {J. Math. Pures Appl.},
	Number = {3},
	Pages = {339--372},
	Title = {Pinning {P}henomena {I}n {T}he {G}inzburg-{L}andau {M}odel {O}f {S}uperconductivity},
	Volume = {80},
	Year = {2001}}

@article{mccalla01,
	Author = {S. McCalla and B. Sandstede},
	Date-Added = {2017-08-09 21:23:40 +0000},
	Date-Modified = {2017-09-20 19:42:18 +0000},
	Journal = {Physica D},
	Pages = {1581--1592},
	Title = {Snaking {O}f {R}adial {S}olutions {O}f {T}he {M}ulti-{D}imensional {S}wift--{H}ohenberg {E}quation: {A} {N}umerical {S}tudy},
	Volume = {239},
	Year = {2010}}

@article{burke02,
	Author = {J. Burke and E. Knobloch},
	Date-Added = {2017-08-09 21:09:17 +0000},
	Date-Modified = {2017-09-20 20:19:48 +0000},
	Journal = {Phys. Rev. E},
	Number = {056211},
	Title = {{Localized States In The Generalized Swift-Hohenberg Equation}},
	Volume = {73},
	Year = {2006}}

@article{rijk01,
	Author = {B. de Rijk and A. Doelman and J. Rademacher},
	Date-Added = {2017-08-07 23:29:09 +0000},
	Date-Modified = {2017-09-20 19:40:01 +0000},
	Journal = {SIAM J. Math. Anal.},
	Number = {1},
	Pages = {61--121},
	Title = {Spectra {A}nd {S}tability {O}f {S}patially {P}eriodic {P}ulse {P}atterns: {E}vans {F}unction {F}actorization {V}ia {R}iccati {T}ransformation},
	Volume = {48},
	Year = {2016}}

@article{mitchinson,
	Author = {G. J. Mitchison},
	Date-Added = {2017-08-04 17:57:43 +0000},
	Date-Modified = {2017-09-20 14:22:21 +0000},
	Journal = {Proc. R. Soc. Lond. B},
	Pages = {489--511},
	Title = {The {D}ynamics {O}f {A}uxin {T}ransport},
	Volume = {209},
	Year = {1980}}

@article{hernandez,
	Author = {D. Hernandez and E. C. Herrera--Hernandez and M. Nunez--Lopez and H. Hernandez--Coronado},
	Date-Added = {2017-03-09 00:43:23 +0000},
	Date-Modified = {2017-03-09 00:44:24 +0000},
	Journal = {Phys. Rev. E},
	Pages = {022210},
	Title = {Self--{S}imilar {T}uring {P}atterns: {A}n {A}nomalous {D}iffusion {C}onsequence},
	Volume = {95},
	Year = {2017}}

@article{krupinski01,
	Author = {P. Krupinski and B. Bozorg and A. Larsson and S. Pietra and M. Grebe and H. Jonsson},
	Date-Added = {2016-11-04 23:09:18 +0000},
	Date-Modified = {2017-09-20 20:46:09 +0000},
	Journal = {Front. Plant Sci.},
	Pages = {1--12},
	Title = {{A Model Analysis Of Mechanisms For Radial Microtubular Patterns At Root Hair Initiation Sites}},
	Volume = {7:1560},
	Year = {2016}}

@article{fischer01,
	Author = {U. Fischer and Y. Ikeda and K. Ljung and O. Serralbo and M. Singh and R. Heidstra et al.},
	Date-Added = {2016-11-04 23:09:08 +0000},
	Date-Modified = {2017-09-20 04:40:50 +0000},
	Journal = {Curr. Biol.},
	Pages = {2134--2149},
	Title = {Vectorial {I}nformation {F}or {A}rabidopsis {P}lanar {P}olarity {I}s {M}ediated {B}y {C}ombined {AUX1}, {EIN2}, {A}nd {GNOM} {A}ctivity.},
	Volume = {16},
	Year = {2006}}

@article{zemskov02,
	Author = {E. P. Zemskov and W. Horsthemke},
	Date-Added = {2016-10-18 16:27:20 +0000},
	Date-Modified = {2017-09-20 20:30:20 +0000},
	Journal = {Phys. Rev. E},
	Pages = {032211},
	Title = {{Diffusive Instabilities In Hyperbolic Reaction-Diffusion Equations}},
	Volume = {93},
	Year = {2016}}

@article{lattanzio,
	Author = {C. Lattanzio and C. Mascia and R. Plaza and C. Simeoni},
	Date-Added = {2016-10-18 16:23:47 +0000},
	Date-Modified = {2017-09-20 20:42:48 +0000},
	Journal = {Math. Models Methods Appl.},
	Number = {5},
	Pages = {931--985},
	Title = {{Analytical And Numerical Investigation Of Travelling Waves For The Allen--Cahn Model With Relaxation}},
	Volume = {26},
	Year = {2016}}

@article{draelants,
	Author = {D. Draelants and D. Avitabile and W. Vanroose},
	Date-Added = {2016-01-27 00:00:27 +0000},
	Date-Modified = {2017-09-20 20:20:34 +0000},
	Journal = {J. R. Soc. Interface},
	Number = {106},
	Title = {{Localized Auxin Peaks In Concentration-Based Transport Models Of The Shoot Apical Meristem.}},
	Volume = {12},
	Year = {2015}}

@article{bacw,
	Author = {V. Brena{--}Medina and D. Avitabile and A.R. Champneys and M.J. Ward},
	Date-Added = {2015-07-21 21:17:57 +0000},
	Date-Modified = {2017-09-20 19:34:44 +0000},
	Journal = {SIAM J. Appl. Math.},
	Number = {3},
	Pages = {1090--1119},
	Title = {Stripe {T}o {S}pot {T}ransition {I}n {A} {P}lant {R}oot {H}air {I}nitiation {M}odel},
	Volume = {75},
	Year = {2015}}

@article{plaza01,
	Author = {R. Plaza and F. Sachez-Garduno and P. Padilla and R. A. Barrio and P. K. Maini},
	Date-Added = {2014-01-25 16:07:16 +0000},
	Date-Modified = {2017-09-20 14:21:33 +0000},
	Journal = {J. Dyn. Diff. Equat.},
	Number = {4},
	Title = {The {E}ffect {O}f {G}rowth {A}nd {C}urvature {O}n {P}attern {F}ormation},
	Volume = {16},
	Year = {2004}}

@article{aragon01,
	Author = {J. L. Arag\'on and R. A. Barrio and T. E. Woolley and R. E. Baker and P. K. Maini},
	Date-Added = {2014-01-25 16:06:58 +0000},
	Date-Modified = {2017-09-20 20:16:58 +0000},
	Journal = {Phys. Rev. E},
	Number = {2},
	Pages = {026201},
	Title = {{Nonlinear Effects On Turing Patterns: Time Oscillations And Chaos}},
	Volume = {86},
	Year = {2012}}

@article{rankin01,
	Author = {J. Rankin and D. Avitabile and J. Baladron and G. Faye and D. J. B. Lloyd.},
	Date-Added = {2014-01-25 15:59:52 +0000},
	Date-Modified = {2017-09-20 20:33:57 +0000},
	Journal = {SIAM J. Sci. Comput.},
	Pages = {B70--B93},
	Title = {{Continuation Of Localised Coherent Structures In Nonlocal Neural Field Equations.}},
	Volume = {36},
	Year = {2014}}

@article{acvf,
	Author = {V. Brena{--}Medina and A. R. Champneys},
	Date-Added = {2013-08-17 17:41:16 +0100},
	Date-Modified = {2017-09-20 19:33:55 +0000},
	Journal = {Phys. Rev. E},
	Pages = {032923},
	Title = {Subcritical {T}uring {B}ifurcation {A}nd {T}he {M}orphogenesis {O}f {L}ocalized {S}tructures},
	Volume = {90},
	Year = {2014}}

@article{rozada02,
	Author = {I. Rozada and S. Ruuth and M. J. Ward},
	Date-Added = {2014-03-14 17:41:16 +0100},
	Date-Modified = {2017-09-20 04:45:28 +0000},
	Journal = {SIAM J. Appl. Dyn. Systems},
	Number = {1},
	Pages = {564-627},
	Title = {The {S}tability {O}f {L}ocalized {S}pot {P}atterns {F}or {T}he {B}russelator {O}n {T}he {S}phere},
	Volume = {13},
	Year = {2014}}

@article{shutz01,
	Author = {P. Sch\"utz and M. Bode and H.{--}G. Purwins},
	Date-Added = {2013-07-11 16:10:43 +0100},
	Date-Modified = {2017-09-20 20:38:20 +0000},
	Journal = {Physica D},
	Pages = {382--397},
	Title = {{Bifurcations Of Front dDynamics In A Reaction-Diffusion System With Spatial Inhogeneities}},
	Volume = {82},
	Year = {1995}}

@article{nishi03,
	Author = {Y. Nishiura and Y. Oyama and K.{--}I. Ueda},
	Date-Added = {2013-07-11 16:07:38 +0100},
	Date-Modified = {2017-09-20 20:28:16 +0000},
	Journal = {Hokkaido Mathematical Journal},
	Pages = {207--242},
	Title = {{Dynamics Of Traveling Pulses In Heterogeneous Media Of Jump Type}},
	Volume = {36},
	Year = {2007}}

@article{yuan01,
	Author = {X. Yuan and T. Teramoto and Y. Nishiura},
	Date-Added = {2013-07-11 16:03:40 +0100},
	Date-Modified = {2017-09-20 20:24:22 +0000},
	Journal = {Phys. Rev. E},
	Pages = {036220},
	Title = {{Heterogeneity-Induced Defect Bifurcation And Pulse Dynamics For A Three-Component Reaction-Diffusion System}},
	Volume = {75},
	Year = {2007}}

@article{zemskov01,
	Author = {E. P. Zemskov and V. S. Zykov and K. Kassner and S. C. Muller},
	Date-Added = {2013-07-11 15:52:53 +0100},
	Date-Modified = {2017-09-20 19:36:29 +0000},
	Journal = {Nonlinearity},
	Pages = {2063--2076},
	Title = {Stability {O}f {T}ravelling {F}ronts {I}n {A} {P}iecewise-{L}inear {R}eaction-{D}iffusion {S}ystem},
	Volume = {13},
	Year = {2000}}

@article{wei06,
	Author = {J. Wei and M. Winter},
	Date-Added = {2013-07-11 15:44:39 +0100},
	Date-Modified = {2017-09-20 19:39:42 +0000},
	Journal = {Nonlinear Science},
	Pages = {301--339},
	Title = {Spikes {F}or {T}he {Geirer}--{M}einhardt {S}ystem {W}ith {D}iscontinuous {D}iffusion {C}oefficients},
	Volume = {19},
	Year = {2009}}

@article{heijster01,
	Author = {P. van Heijster and A. Doelman and T. J. Kaper and Y. Nishiura and K.{--}I. Ueda},
	Date-Added = {2013-07-11 15:42:43 +0100},
	Date-Modified = {2017-09-20 19:53:01 +0000},
	Journal = {Nonlinearity},
	Pages = {127--157},
	Title = {{Pinned Fronts In Heterogeneous Media Of Jump Type}},
	Volume = {24},
	Year = {2011}}

@article{bode01,
	Author = {M. Bode},
	Date-Added = {2013-07-11 15:04:03 +0100},
	Date-Modified = {2017-09-20 20:26:42 +0000},
	Journal = {Physica D},
	Pages = {270--286},
	Title = {{Front-Bifurcations In Reaction-Diffusion Systems With Inhomogeneous Parameter Distributions}},
	Volume = {106},
	Year = {1997}}

@article{knob01,
	Author = {E. Knobloch},
	Date-Added = {2013-07-11 14:53:12 +0100},
	Date-Modified = {2017-09-20 19:41:16 +0000},
	Journal = {Nonlinearity},
	Pages = {45--60},
	Title = {Spatially {L}ocalized {S}tructures {I}n {D}issipative {S}ystems: {O}pen {P}roblems},
	Volume = {21},
	Year = {2008}}

@article{jonsson01,
	Author = {H. Jonsson and M. G. Heisler and B. E. Shapiro and E. M. Meyerowitz and E. Mjolsness},
	Date-Added = {2013-06-11 14:48:04 +0100},
	Date-Modified = {2017-09-20 20:43:04 +0000},
	Journal = {PNAS},
	Number = {5},
	Pages = {1633--1638},
	Title = {{An auxin-Driven Polirased Transport Model For Phyllotaxis}},
	Volume = {103},
	Year = {2006}}

@article{kramer04,
	Author = {E. M. Kramer},
	Date-Added = {2013-06-11 14:42:27 +0100},
	Date-Modified = {2017-09-20 20:40:07 +0000},
	Journal = {Cell},
	Pages = {1360--1385},
	Title = {{Auxin-Regulated Cell Polarity: An Inside Job?}},
	Year = {2009}}

@article{heisler01,
	Author = {M. G. Heisler and H, Jonsson},
	Date-Added = {2013-06-11 14:36:58 +0100},
	Date-Modified = {2017-09-20 20:18:37 +0000},
	Journal = {J. Plant Growth Regul},
	Pages = {302--312},
	Title = {{Modeling Auxin Transport And Plant Development}},
	Volume = {25},
	Year = {2006}}

@article{maini03,
	Author = {P. K. Maini and J. Wei and M. Winter},
	Date-Added = {2013-06-10 18:32:18 +0100},
	Date-Modified = {2017-09-20 19:37:02 +0000},
	Journal = {Chaos},
	Number = {3},
	Pages = {1054--1500},
	Title = {Stability {O}f {S}pikes {I}n {T}he {S}hadow {G}ierer--{M}einhardt {S}ystem {W}ith {R}obin {B}oundary {C}onditions},
	Volume = {17},
	Year = {2007}}

@article{woods01,
	Author = {P. D. Woods and A. R. Champneys},
	Date-Added = {2013-06-10 15:49:52 +0100},
	Date-Modified = {2017-09-20 20:24:53 +0000},
	Journal = {Physica D Nonlinear Phenomena},
	Pages = {147--170},
	Title = {{Heteroclinic Tangles And Homoclinic Snaking In The Unfolding Of A Degenerate Reversible Hamiltoninan--Hopf Bifurcation}},
	Volume = {129},
	Year = {1999}}

@book{campbell,
	Author = {N. A. Campbell},
	Date-Added = {2013-06-03 13:17:22 +0100},
	Date-Modified = {2013-06-03 13:25:37 +0100},
	Publisher = {Benjamin Cummings},
	Title = {Biology},
	Year = {2002}}

@article{hoog01,
	Author = {F. R. de Hoog and R. Weiss},
	Date-Added = {2013-05-15 14:57:08 +0100},
	Date-Modified = {2017-09-20 20:32:05 +0000},
	Journal = {SIAM J. Numer. Anal.},
	Number = {5},
	Pages = {775--813},
	Title = {{Difference Methods For Boundary Value Problems With A Singularity Of The First Kind}},
	Volume = {13},
	Year = {1976}}

@article{kramer03,
	Author = {E. M. Kramer},
	Date-Added = {2013-05-08 16:41:15 +0100},
	Date-Modified = {2017-09-20 20:34:15 +0000},
	Journal = {Journal of Experimental Botany},
	Number = {1},
	Pages = {45--53},
	Title = {{Computer Models Of Auxin Transport: A Review And Commentary}},
	Volume = {59},
	Year = {2008}}

@article{bcwg,
	Author = {V. Brena{--}Medina and A. R. Champneys and C. Grierson and M. J. Ward},
	Date-Added = {2013-04-28 13:38:16 +0100},
	Date-Modified = {2017-09-20 19:44:23 +0000},
	Journal = {SIAM J. Appl. Dyn. Sys.},
	Pages = {210-248},
	Title = {{Mathematical Modelling Of Plant Root Hair Initiation; Dynamics Of Localized Patches}},
	Volume = {13},
	Year = {2014}}

@article{snakeornot,
	Author = {Avitabile, D. and Lloyd, D. and Burke, J. and Knobloch, E. and Sandstede, B.},
	Date-Modified = {2017-09-20 04:44:06 +0000},
	Journal = {SIAM J. Appl. Dyn. Sys.},
	Pages = {704-733},
	Title = {To {S}nake {O}r {N}ot {T}o {S}nake {I}n {T}he {P}lanar {S}wift--{H}ohenberg {E}quation},
	Volume = {9},
	Year = {2010}}

@misc{avitabile01,
	Author = {D. Avitabile},
	Date-Added = {2013-04-25 18:11:24 +0100},
	Date-Modified = {2017-09-20 20:52:44 +0000},
	Howpublished = {Direct correspondence (The University of Nottingham)},
	Title = {{Matlab Code For Continuation In 2D-PDE Systems}}}

@article{wei05,
	Author = {J. Wei and M. Winter},
	Date-Added = {2013-04-09 01:41:14 -0500},
	Date-Modified = {2017-09-20 19:39:18 +0000},
	Journal = {J. Nonlinear Sci.},
	Number = {2},
	Pages = {478--518},
	Title = {Spikes {F}or {T}he {T}wo-{D}imensional {G}ierer--{M}einhardt {S}ystem: {T}he {S}trong {C}oupling {C}ase},
	Volume = {178},
	Year = {2002}}

@article{wei04,
	Author = {J. Wei and M. Winter},
	Date-Added = {2013-04-09 01:38:44 -0500},
	Date-Modified = {2017-09-20 19:38:40 +0000},
	Journal = {J. Nonlinear Sci.},
	Number = {6},
	Pages = {415--458},
	Title = {Spikes {F}or {T}he {T}wo-{D}imensional {G}ierer--{M}einhardt {S}ystem: {T}he {W}eak {C}oupling {C}ase},
	Volume = {11},
	Year = {2001}}

@article{wei03,
	Author = {J. Wei},
	Date-Added = {2013-04-09 01:35:16 -0500},
	Date-Modified = {2017-09-20 19:54:21 +0000},
	Journal = {Physica D},
	Number = {1-2},
	Pages = {20-48},
	Title = {{Pattern Formations In Two-Dimensional Gray--Scott Model: Existence Of Single-Spot Solutions And Their Stability}},
	Volume = {148},
	Year = {2001}}

@article{kolok02,
	Author = {T. Kolokolnikov and M. J. Ward},
	Date-Added = {2013-04-09 00:16:48 -0500},
	Date-Modified = {2017-09-20 19:50:27 +0000},
	Journal = {Europ. J. Appl. Math.},
	Number = {5},
	Pages = {513-545},
	Title = {{Reduced Wave Green's Functions And Their Effect On The Dynamics Of A Spike For The Gierer--Meinhardt Model}},
	Volume = {14},
	Year = {2003}}

@article{kolok_gs,
	Author = {T. Kolokolnikov and M. J. Ward and J. Wei},
	Date-Added = {2013-04-09 00:16:48 -0500},
	Date-Modified = {2017-09-20 04:36:01 +0000},
	Journal = {Studies in Appl. Math.},
	Number = {1},
	Pages = {35-95},
	Title = {Zigzag {A}nd {B}reakup {I}nstabilties {O}f {S}tripes {A}nd {R}ings {I}n {T}he {T}wo-{D}imensional {G}ray--{S}cott {M}odel},
	Volume = {16},
	Year = {2006}}

@article{morgan,
	Author = {D. Morgan and T. Kaper},
	Date-Added = {2013-04-09 00:16:48 -0500},
	Date-Modified = {2017-09-20 20:39:13 +0000},
	Journal = {Physica D},
	Number = {1-2},
	Pages = {33-62},
	Title = {{Axisymmetric Ring Solutions Of The Gray--Scott Model And Their Destablization Into Spots}},
	Volume = {192},
	Year = {2004}}

@article{xchen01,
	Author = {X. Chen and M. Kowalczyk},
	Date-Added = {2013-04-09 00:09:19 -0500},
	Date-Modified = {2017-09-20 20:29:49 +0000},
	Journal = {SIAM J. Math. Anal.},
	Number = {1},
	Pages = {172-193},
	Title = {{Dynamics Of An Interior Spike In The Gierer--Meinhardt System}},
	Volume = {33},
	Year = {2001}}

@unpublished{burns01,
	Author = {M. Burns and M. Grinfeld},
	Date-Added = {2013-03-04 17:15:51 +0100},
	Date-Modified = {2017-09-20 20:54:13 +0000},
	Note = {arXiv:1110.2323v1},
	Title = {{Steady State Solutions Of A Mass-Conserving Bistable Equation With A Saturating Flux}},
	Year = {2011}}

@article{ashwin01,
	Author = {P. Ashwin and K. Bohmer and M. Zhen},
	Date-Added = {2013-03-04 15:50:36 +0100},
	Date-Modified = {2017-09-20 20:45:08 +0000},
	Journal = {Mathematics of Computation},
	Number = {210},
	Pages = {649-670},
	Title = {{A Numerical Liapunov--Schmidt Method With Applications To Hopf Bifurcation On A Square}},
	Volume = {64},
	Year = {1995}}

@unpublished{nec01,
	Author = {Y. Nec and M. J. Ward},
	Date-Added = {2013-02-10 14:57:56 +0100},
	Date-Modified = {2017-09-20 20:55:27 +0000},
	Journal = {Mathematical Modeling of Natural Phenomena},
	Number = {2},
	Pages = {55-87},
	Title = {{An Explicitly Solvable Nonlocal Eigenvalue Problem And The Stability Of A Spike For A Class Of Reaction-Diffusion System With Sub-Diffusion}},
	Volume = {33},
	Year = {2013}}

@misc{python,
	Author = {Python Software Foundation},
	Date-Added = {2013-02-09 22:55:30 +0100},
	Date-Modified = {2017-09-20 20:51:58 +0000},
	Howpublished = {http://docs.python.org/release/2.7.1/},
	Lastchecked = {9th February 2013},
	Month = {November},
	Title = {{The Python Language Reference}},
	Year = {2010}}

@article{veerman01,
	Author = {F. Veerman and A. Doelman},
	Date-Added = {2013-02-08 13:45:17 +0100},
	Date-Modified = {2017-09-20 19:52:25 +0000},
	Journal = {SIAM J. Appl. Dyn. Sys.},
	Number = {1},
	Pages = {28--60},
	Title = {{Pulses In A Gierer--Meinhardt Equation With Slow Nonlinearity}},
	Volume = {12},
	Year = {2013}}

@article{mori02,
	Author = {Y. Mori and A. Jilkine and L. Edelstein{--}Keshet},
	Date-Added = {2012-12-06 18:59:48 +0000},
	Date-Modified = {2017-09-20 20:41:50 +0000},
	Journal = {SIAM J. Appl. Math.},
	Number = {4},
	Pages = {1402-1427},
	Title = {{Asymptotic And Bifurcation Analysis Of Wave-Pinning In A Reaction-Difussion Model For Cell Polarization}},
	Volume = {71},
	Year = {2011}}

@article{baner01,
	Author = {M. Banerjee},
	Date-Added = {2012-10-26 08:15:08 +0100},
	Date-Modified = {2017-09-20 19:47:16 +0000},
	Journal = {Mathematical and Computer Modelling},
	Number = {1-2},
	Pages = {44--52},
	Title = {{Self-Replication Of Spatial Patterns In A Ratio-Dependent Predator-Prey Model}},
	Volume = {51},
	Year = {2010}}

@phdthesis{rozada01,
	Author = {I. Rozada},
	Date-Added = {2012-10-26 07:53:08 +0100},
	Date-Modified = {2017-09-20 20:53:27 +0000},
	School = {University of British Columbia},
	Title = {{Topics In The Stability Of Localized Patterns For Some Reaction-Diffusion Systems}},
	Year = {2012}}

@article{postma01,
	Author = {M. Postma and L. Bosgraaf and H. Loovers and P. Van Haastert},
	Date-Added = {2012-10-10 11:03:13 +0100},
	Date-Modified = {2017-09-20 20:35:54 +0000},
	Journal = {EMBO Rep.},
	Pages = {35--40},
	Title = {{Chemotaxis: Signaling Modules Join Hands At Front And Tail}},
	Volume = {5},
	Year = {2004}}

@article{kramer02,
	Author = {E. M. Kramer and H. L. Rutschow and S. S. Mabie},
	Date-Added = {2012-10-10 10:47:39 +0100},
	Date-Modified = {2017-09-20 20:39:31 +0000},
	Journal = {Trends. Plant Sci.},
	Number = {9},
	Pages = {461--463},
	Title = {{AuxV: A Database Of Auxin Transport Velocities}},
	Volume = {16},
	Year = {2011}}

@misc{TAIR,
	Author = {TAIR},
	Date-Added = {2012-10-09 09:08:47 +0100},
	Date-Modified = {2017-09-20 20:52:14 +0000},
	Howpublished = {http://www.arabidopsis.org/index.jsp},
	Month = {October},
	Title = {{The Arabidopsis Information Resource}},
	Year = {2012}}

@misc{MASC,
	Author = {MASC},
	Date-Added = {2012-10-08 22:19:46 +0100},
	Date-Modified = {2017-09-20 20:52:08 +0000},
	Howpublished = {http://www.arabidopsis.org/portals/masc/index.jsp},
	Month = {October},
	Title = {{The Multinational Arabidopsis Steering Committee}},
	Year = {2012}}

@book{alberts01,
	Address = {http://www.ncbi.nlm.nih.gov/books/NBK26825},
	Author = {B. Alberts and A. Johnson and J. Lewis and M. Raff and K. Roberts and P. Walter},
	Date-Added = {2012-10-08 19:45:24 +0100},
	Date-Modified = {2017-09-20 20:49:29 +0000},
	Edition = {4th},
	Publisher = {New York: Garland Science},
	Series = {Universal Mechanism of Animal Development},
	Title = {{Molecular Biology Of The Cell.}},
	Year = {2002}}

@article{doelman01,
	Author = {A. Doelman and H. van der Ploeg},
	Date-Added = {2012-10-04 13:06:39 +0100},
	Date-Modified = {2017-09-20 20:23:53 +0000},
	Journal = {SIAM J. Appl. Dyn. Sys.},
	Number = {1},
	Pages = {65--104},
	Title = {{Homoclinic Stripe Patterns}},
	Volume = {1},
	Year = {2002},
	Bdsk-Url-1 = {http://epubs.siam.org/doi/abs/10.1137/S1111111101392831},
	Bdsk-Url-2 = {http://dx.doi.org/10.1137/S1111111101392831}}

@article{nishi02,
	Author = {Y. Nishiura and D. Ueyama},
	Date-Added = {2012-10-03 13:52:53 +0100},
	Date-Modified = {2017-09-20 20:44:16 +0000},
	Doi = {10.1016/S0167-2789(99)00010-X},
	Issn = {0167-2789},
	Journal = {Physica D: Nonlinear Phenomena},
	Keywords = {Wave splitting},
	Number = {1--2},
	Pages = {73--104},
	Title = {{A Skeleton Structure Of Self-Replicating Dynamics}},
	Url = {http://www.sciencedirect.com/science/article/pii/S016727899900010X},
	Volume = {130},
	Year = {1999},
	Bdsk-Url-1 = {http://www.sciencedirect.com/science/article/pii/S016727899900010X},
	Bdsk-Url-2 = {http://dx.doi.org/10.1016/S0167-2789(99)00010-X}}

@book{meinhardt01,
	Address = {New York, NY, USA},
	Author = {H. Meinhardt},
	Date-Added = {2012-10-03 13:38:58 +0100},
	Date-Modified = {2017-09-20 20:48:13 +0000},
	Isbn = {0-387-57842-0},
	Publisher = {Springer--Verlag New York, Inc.},
	Title = {{The Algorithmic Beauty Of Sea Shells}},
	Year = {1995}}

@article{koch01,
	Author = {A. J. Koch and H. Meinhardt},
	Date-Added = {2012-10-03 13:36:07 +0100},
	Date-Modified = {2017-09-20 20:37:56 +0000},
	Doi = {10.1103/RevModPhys.66.1481},
	Issue = {4},
	Journal = {Rev. Mod. Phys.},
	Month = {Oct},
	Pages = {1481--1507},
	Publisher = {American Physical Society},
	Title = {{Biological Pattern Formation: From Basic Mechanisms To Complex Structures}},
	Url = {http://link.aps.org/doi/10.1103/RevModPhys.66.1481},
	Volume = {66},
	Year = {1994},
	Bdsk-Url-1 = {http://link.aps.org/doi/10.1103/RevModPhys.66.1481},
	Bdsk-Url-2 = {http://dx.doi.org/10.1103/RevModPhys.66.1481}}

@article{schief01,
	Author = {J. Schiefelbein and A. Shipley and P. Rowse},
	Date-Added = {2012-09-30 16:47:03 +0100},
	Date-Modified = {2017-09-20 20:37:38 +0000},
	Doi = {10.1007/BF00199963},
	Journal = {Planta},
	Number = {4},
	Pages = {455--459},
	Title = {{Calcium Influx At The Tip Of Growing Root-Hair Cells Of Arabidopsis Thaliana}},
	Volume = {187},
	Year = {1992},
	Bdsk-Url-1 = {http://www.springerlink.com/content/k2846228v7g62067/export-citation/fulltext.pdf},
	Bdsk-Url-2 = {http://dx.doi.org/10.1007/BF00199963}}

@article{foreman01,
	Author = {J. Foreman and L. Dolan},
	Date-Added = {2012-09-29 14:07:16 +0100},
	Date-Modified = {2017-09-20 19:48:13 +0000},
	Journal = {Annals of Botany},
	Pages = {1--7},
	Title = {{Root Hairs As A Model System For Studying Plant Cell Growth}},
	Volume = {88},
	Year = {2001}}

@article{hunding02,
	Author = {Axel Hunding},
	Date-Added = {2012-09-28 20:35:49 +0100},
	Date-Modified = {2017-09-20 20:18:20 +0000},
	Doi = {10.1016/S0022-5193(85)80044-8},
	Issn = {0022-5193},
	Journal = {Journal of Theoretical Biology},
	Number = {4},
	Pages = {571--588},
	Title = {{Morphogen Prepatterns During Mitosis And Cytokinesis In Flattened Cells: Three Dimensional Turing Structures Of Reaction-Diffusion Systems In Cylindrical Coordinates}},
	Url = {http://www.sciencedirect.com/science/article/pii/S0022519385800448},
	Volume = {114},
	Year = {1985},
	Bdsk-Url-1 = {http://www.sciencedirect.com/science/article/pii/S0022519385800448},
	Bdsk-Url-2 = {http://dx.doi.org/10.1016/S0022-5193(85)80044-8}}

@article{hunding01,
	Author = {A. Hunding},
	Date-Added = {2012-09-28 20:29:01 +0100},
	Date-Modified = {2017-09-20 20:38:48 +0000},
	Journal = {J. Math. Biol.},
	Number = {2},
	Pages = {109--121},
	Title = {{Bifurcation In Turing Systems Of The Second Kind May Explain Blastula Cleavage Plane Orientation}},
	Volume = {25},
	Year = {1987}}

@article{holloway02,
	Author = {D. M. Holloway and L. G. Harrison and J. B. Armstrong},
	Date-Added = {2012-09-28 20:19:11 +0100},
	Date-Modified = {2017-09-20 20:34:34 +0000},
	Doi = {10.1002/aja.1002000306},
	Isbn = {1097-0177},
	Journal = {Developmental Dynamics},
	Journal1 = {Dev. Dyn.},
	Keywords = {Axolotl; Heart localization; Reaction-diffusion; Heart induction; Ambystoma; Cardiac lethal; Gierer-Meinhardt; Organogenesis},
	Number = {3},
	Pages = {242--256},
	Publisher = {Wiley Subscription Services, Inc., A Wiley Company},
	Title = {{Computations Of Post-Inductive Dynamics In Axolotl Heart Formation}},
	Ty = {JOUR},
	Url = {http://dx.doi.org/10.1002/aja.1002000306},
	Volume = {200},
	Year = {1994},
	Bdsk-Url-1 = {http://dx.doi.org/10.1002/aja.1002000306}}

@article{holloway01,
	Author = {D. M. Holloway and L. G. Harrison},
	Date-Added = {2012-09-28 20:13:32 +0100},
	Date-Modified = {2017-09-20 20:15:30 +0000},
	Doi = {10.1016/0378-4371(95)00202-2},
	Issn = {0378-4371},
	Journal = {Physica A: Stat. Mech. and Appl.},
	Pages = {210--233},
	Title = {{Order And Localization In Reaction-Diffusion Pattern}},
	Url = {http://www.sciencedirect.com/science/article/pii/0378437195002022},
	Volume = {222},
	Year = {1995},
	Bdsk-Url-1 = {http://www.sciencedirect.com/science/article/pii/0378437195002022},
	Bdsk-Url-2 = {http://dx.doi.org/10.1016/0378-4371(95)00202-2}}

@article{benson01,
	Author = {Debbie L. Benson and Philip K. Maini and Jonathan A. Sherratt},
	Date-Added = {2012-09-28 19:08:43 +0100},
	Date-Modified = {2017-09-20 04:41:19 +0000},
	Doi = {10.1007/s002850050135},
	Journal = {Journal of Mathematical Biology},
	Number = {5},
	Pages = {381--417},
	Title = {Unravelling {T}he {T}uring {B}ifurcation {U}sing {S}patially {V}arying {D}iffusion {C}oefficients},
	Volume = {37},
	Year = {1998},
	Bdsk-Url-1 = {http://www.springerlink.com/content/6qpbkgycbtd1kmac/export-citation/fulltext.pdf},
	Bdsk-Url-2 = {http://dx.doi.org/10.1007/s002850050135}}

@article{lin01,
	Author = {F. Lin and Q. Du},
	Date-Added = {2012-09-27 19:49:15 +0100},
	Date-Modified = {2017-09-20 20:26:01 +0000},
	Doi = {10.1137/S0036141096298060},
	Eprint = {http://epubs.siam.org/doi/pdf/10.1137/S0036141096298060},
	Journal = {SIAM Journal on Mathematical Analysis},
	Number = {6},
	Pages = {1265--1293},
	Title = {{Ginzburg--Landau Vortices: Dynamics, Pinning, and Hysteresis}},
	Url = {http://epubs.siam.org/doi/abs/10.1137/S0036141096298060},
	Volume = {28},
	Year = {1997},
	Bdsk-Url-1 = {http://epubs.siam.org/doi/abs/10.1137/S0036141096298060},
	Bdsk-Url-2 = {http://dx.doi.org/10.1137/S0036141096298060}}

@article{bose01,
	Author = {A. Bose and G. Kriegmann},
	Date-Added = {2012-09-27 19:45:24 +0100},
	Date-Modified = {2017-09-20 20:21:48 +0000},
	Journal = {Methods Appl. Anal.},
	Pages = {295--312},
	Title = {{Large Amplitude Solutions Of Spatially Non-Homogeneous Non-Local Reaction-Diffusion Equations}},
	Volume = {7},
	Year = {2000}}

@article{champan01,
	Author = {S. J. Chapman and G. Richardson},
	Date-Added = {2012-09-27 19:41:53 +0100},
	Date-Modified = {2017-09-20 04:39:16 +0000},
	Doi = {10.1016/S0167-2789(97)00053-5},
	Issn = {0167-2789},
	Journal = {Physica D: Nonlinear Phenomena},
	Keywords = {Ginzburg-Landau},
	Number = {4},
	Pages = {397--407},
	Title = {Vortex {P}inning {B}y {I}nhomogeneities {I}n {T}ype-{II} {S}uperconductors},
	Url = {http://www.sciencedirect.com/science/article/pii/S0167278997000535},
	Volume = {108},
	Year = {1997},
	Bdsk-Url-1 = {http://www.sciencedirect.com/science/article/pii/S0167278997000535},
	Bdsk-Url-2 = {http://dx.doi.org/10.1016/S0167-2789(97)00053-5}}

@article{booty01,
	Author = {M. Booty and G. Kriegsmann},
	Date-Added = {2012-09-27 19:39:02 +0100},
	Date-Modified = {2017-09-20 20:18:58 +0000},
	Journal = {Methods Appl. Anal.},
	Pages = {403--414},
	Title = {{Microwave Heating And Joining Of Ceramic Cylinders: A Mathematical Model}},
	Volume = {4},
	Year = {1994}}

@misc{auto,
	Author = {E. Doedel and B.E. Oldeman and A.R. Champneys and f. Dercole and T. Fairgrieve and Y. Kuznetsov and X. Wang and C. Zhang},
	Date-Added = {2012-09-27 13:06:21 +0100},
	Date-Modified = {2017-09-20 20:53:08 +0000},
	Howpublished = {http://www.dam.brown.edu/people/sandsted/auto/auto07p.pdf},
	Institution = {Concordia University},
	Title = {{AUTO-07P: Continuation And Bifurcation Software For Ordinary Differential Equations}},
	Year = {2012}}

@article{burke01,
	Author = {J. Burke and E. Knobloch},
	Date-Added = {2012-09-27 13:06:21 +0100},
	Date-Modified = {2017-09-20 19:42:44 +0000},
	Journal = {Physics Letters A},
	Pages = {681--688},
	Title = {Snakes {A}nd {L}adders: {L}ocalized {S}tates {I}n {T}he {S}wift--{H}ohenberg {E}quation},
	Volume = {360},
	Year = {2006}}

@article{dawes01,
	Author = {J.H.P. Dawes},
	Date-Added = {2012-09-27 13:06:21 +0100},
	Date-Modified = {2017-09-20 20:20:03 +0000},
	Journal = {SIAM J. Appl. Dyn. Sys.},
	Number = {1},
	Pages = {186--206},
	Title = {{Localized Pattern Formation With A Large-Scale Mode: Slanted Snaking}},
	Volume = {7},
	Year = {2008}}

@article{dufiet01,
	Author = {V. Dufiet and J. Boissonade},
	Date-Added = {2012-09-27 13:06:21 +0100},
	Date-Modified = {2017-09-20 20:33:13 +0000},
	Journal = {J. Chem. Phys.},
	Number = {1},
	Pages = {662--673},
	Title = {{Conventional And Unconventional Turing Patterns}},
	Volume = {96},
	Year = {1992}}

@book{griersonRH,
	Author = {C. Grierson and J. Schiefelbein},
	Date-Added = {2012-09-27 13:06:21 +0100},
	Date-Modified = {2017-09-20 20:48:00 +0000},
	Publisher = {American Society of Plant Biologist},
	Title = {{The Arabidopsis Book}},
	Year = {2002}}

@article{kolok01,
	Author = {T. Kolokolnikov and W. Sun and M. J. Ward and J. Wei},
	Date-Added = {2012-09-27 13:06:21 +0100},
	Date-Modified = {2017-09-20 04:46:28 +0000},
	Journal = {SIAM J. Appl. Dyn. Sys.},
	Number = {2},
	Pages = {313--363},
	Title = {The {S}tability {O}f {A} {S}tripe {F}or {T}he {G}ierer--{M}einhardt {M}odel {A}nd {T}he {E}ffect {O}f {S}aturation},
	Volume = {5},
	Year = {2006}}

@article{lin,
	Author = {C. S. Lin and W. M. Ni and I. Takagi},
	Date-Added = {2012-09-27 13:06:21 +0100},
	Date-Modified = {2017-09-20 20:21:22 +0000},
	Journal = {J. Diff. Eq.},
	Pages = {1--27},
	Title = {{Large Amplitude Stationary Solutions To A Chemotaxis System}},
	Volume = {72},
	Year = {1988}}

@article{maini01,
	Author = {P. K. Maini and D. L. Benson and J. A. Sherrat},
	Date-Added = {2012-09-27 13:06:21 +0100},
	Date-Modified = {2017-09-20 20:14:16 +0000},
	Journal = {IMA J. Math. Appl. Medicine \& Biology},
	Pages = {197--213},
	Title = {{Pattern Formation In Reaction-Diffusion Models With Spatially Inhomogeneous Diffusion Coefficients}},
	Volume = {9},
	Year = {1992}}

@article{maini02,
	Author = {P. K. Maini and K. J. Painter and H. N. Phong{--}Chau},
	Date-Added = {2012-09-27 13:06:21 +0100},
	Date-Modified = {2017-09-20 19:41:44 +0000},
	Journal = {J. Chem. Soc., Faraday Trans.},
	Number = {20},
	Pages = {3601--3610},
	Title = {Spatial {P}attern {F}ormation {I}n {C}hemical {A}nd {B}iological {S}ystems},
	Volume = {93},
	Year = {1997}}

@article{mjones01,
	Author = {M. Jones and N. Smirnoff},
	Date-Added = {2012-09-27 13:06:21 +0100},
	Date-Modified = {2017-09-20 20:16:38 +0000},
	Journal = {J. of Exp. Bot.},
	Number = {15},
	Pages = {4269--4275},
	Title = {{Nuclear Dynamics During The Simultaneous And Sustained Tip Growth Of Multiple Root Hairs Arising From A Single Root Epidermal Cell}},
	Volume = {57},
	Year = {2006}}

@misc{newGrierson,
	Author = {C. Grierson {\em et al}},
	Date-Added = {2012-09-27 13:06:21 +0100},
	Date-Modified = {2017-09-20 20:52:27 +0000},
	Title = {{Paper in preparation}}}

@article{nico01,
	Author = {G. Nicolis and I. Prigogine},
	Date-Added = {2012-09-27 13:06:21 +0100},
	Date-Modified = {2017-09-20 19:47:29 +0000},
	Journal = {Wiley--Interscience},
	Title = {{Self-Organization In Nonequilibrium Systems}},
	Year = {1977}}

@article{savage01,
	Author = {N. S. Savage and W. Schmidt},
	Date-Added = {2012-09-27 13:06:21 +0100},
	Date-Modified = {2017-09-20 20:27:02 +0000},
	Journal = {Bioessays},
	Pages = {75--81},
	Title = {{From Priming To Plasticity: The Changing Fate Of Rizhodermic Cells}},
	Volume = {30},
	Year = {2007}}

@article{savage02,
	Author = {N. S. Savage and T. Walker and Y. Wieckowski and J. Schiefelbein and L. Dolan and N.A.M. Monk},
	Date-Added = {2012-09-27 13:06:21 +0100},
	Date-Modified = {2017-09-20 20:45:40 +0000},
	Journal = {PLoS Biology},
	Number = {9},
	Pages = {e235. doi:10.1371/journal.pbio.0060235},
	Title = {{A Mutual Support Mechanism Through Intercellular Movement Of CAPRICE And GLABRA3 Can Pattern The Arabidopsis Root Epidermis}},
	Volume = {6},
	Year = {2008}}

@article{schan01,
	Author = {J. Schnakenberg},
	Date-Added = {2012-09-27 13:06:21 +0100},
	Date-Modified = {2017-09-20 19:46:34 +0000},
	Journal = {J. Theor. Biol.},
	Pages = {389--400},
	Title = {{Simple Chemical Reaction Systems with Limit Cycle Behaviour}},
	Volume = {81},
	Year = {1979}}

@article{vastano01,
	Author = {J. A. Vastano and J. E. Pearson and W. Horsthemke and H. L. Swinney},
	Date-Added = {2012-09-27 13:06:21 +0100},
	Date-Modified = {2017-09-20 20:36:08 +0000},
	Journal = {Physics Letters A},
	Pages = {320--324},
	Title = {{Chemical Pattern Formation With Equal Diffusion Coefficients}},
	Volume = {124},
	Year = {1987}}

@article{vastano02,
	Author = {J. A. Vastano and J. E. Pearson and W. Horsthemke and H. L. Swinney},
	Date-Added = {2012-09-27 13:06:21 +0100},
	Date-Modified = {2017-09-20 04:41:42 +0000},
	Journal = {J. Chem. Phys.},
	Pages = {6175--6181},
	Title = {Turing {P}atterns {I}n {A}n {O}pen {R}eactor},
	Volume = {88},
	Year = {1988}}

@article{ww2003,
	Author = {M. J. Ward and J. Wei},
	Date-Added = {2012-09-27 13:06:21 +0100},
	Date-Modified = {2017-09-20 20:23:45 +0000},
	Journal = {J. Nonlinear Sci.},
	Number = {2},
	Pages = {209--264},
	Title = {{Hopf Bifurcation And Oscillatory Instabilities Of Spike Solutions For The One-Dimensional Gierer--Meinhardt Model}},
	Volume = {13},
	Year = {2003}}

@book{xppaut,
	Author = {B. Ermentrout},
	Date-Added = {2012-09-27 13:06:21 +0100},
	Date-Modified = {2017-09-20 20:48:35 +0000},
	Publisher = {SIAM},
	Title = {{Simulating, Analyzing, And Animating Dynamical Systems: A Guide To XPPAut}},
	Year = {2002}}

@misc{xppy,
	Author = {J. Nowacki},
	Date-Added = {2012-09-27 13:06:21 +0100},
	Date-Modified = {2017-09-20 20:51:48 +0000},
	Howpublished = {http://seis.bris.ac.uk/$\sim$enxjn/xppy/},
	Title = {{XPPy}},
	Url = {http://seis.bris.ac.uk/~enxjn/xppy/},
	Year = {2011},
	Bdsk-Url-1 = {http://seis.bris.ac.uk/~enxjn/xppy/}}

@article{kramer01,
	Author = {E. M. Kramer},
	Date-Added = {2012-09-25 20:13:25 +0100},
	Date-Modified = {2017-09-20 19:53:28 +0000},
	Journal = {Trends. Plant Sci.},
	Pages = {578--582},
	Title = {{PIN And AUX/LAX Proteins: Their Role In Auxin Accumulation}},
	Volume = {9},
	Year = {2004}}

@article{parker01,
	Author = {J. S. Parker and A. C. Cavell and L. Dolan and K. Roberts and C. Grierson},
	Date-Added = {2012-09-25 19:01:47 +0100},
	Date-Modified = {2017-09-20 20:26:21 +0000},
	Journal = {Plant Cell},
	Pages = {1961--1974},
	Title = {{Genetic Interactions During Root Hair Morphogenesis In Arabidopsis}},
	Volume = {12},
	Year = {2000}}

@article{cao01,
	Author = {X. F. Cao and P. Linstead and F. Berger and J. Kieber and L. Dolan},
	Date-Added = {2012-09-25 17:18:24 +0100},
	Date-Modified = {2017-09-20 20:31:13 +0000},
	Journal = {Physiol. Plant},
	Pages = {311--317},
	Title = {{Differential Ethylene Sensitivity Of Epidermal Cells Is Involved In The Establishment Of Cell Pattern In The Arabidopsis Root}},
	Volume = {106},
	Year = {1999}}

@article{mizra01,
	Author = {J. I. Mizra and G. M. Olsen and T.-H. Iversen and E. P. Maher},
	Date-Added = {2012-09-25 16:28:09 +0100},
	Date-Modified = {2017-09-20 14:20:02 +0000},
	Journal = {Physiol. Plant},
	Pages = {516--522},
	Title = {The {G}rowth {A}nd {G}ravitropic {R}esponses {O}f {W}ild-{T}ype {A}nd {A}uxin {R}esistant {M}utants {O}f {A}rabidopsis thaliana},
	Volume = {60},
	Year = {1984}}

@article{cnops01,
	Author = {G. Cnops and X. Wang and P. Linstead and M. Van Montagu and M. Lijsebettens and L. Dolan},
	Date-Added = {2012-09-25 16:17:41 +0100},
	Date-Modified = {2017-09-20 04:43:27 +0000},
	Journal = {Development},
	Pages = {3385--3394},
	Title = {{TORNADO}1 {A}nd {TORNADO}2 {A}re {R}equired {F}or {T}he {S}pecification {O}f {R}adial {A}nd {C}ircumferential {P}attern {I}n {T}he {A}rabidopsis {R}oot},
	Volume = {127},
	Year = {2000}}

@article{lee01,
	Author = {M. M. Lee and J. W. Schiefelbein},
	Date-Added = {2012-09-25 00:06:14 +0100},
	Date-Modified = {2017-09-20 04:37:23 +0000},
	Journal = {Cell},
	Pages = {473--483},
	Title = {{WEREWOLF}, {A} {MYB}related {P}rotein {I}n {A}rabidopsis, {I}s {A} {P}osition-{D}ependent {R}egulator {O}f {E}pidermal {C}ell {P}atterning},
	Volume = {99},
	Year = {1999}}

@article{masucci02,
	Author = {J. D. Masucci and J. W. Schiefelbein},
	Date-Added = {2012-09-25 00:03:44 +0100},
	Date-Modified = {2017-09-20 20:23:12 +0000},
	Journal = {Plant Cell},
	Pages = {1505--1517},
	Title = {{Hormones Act Downstream Of TTG And GL2 To Promote Root Hair Outgrowth During Epidermis Development In The Arabidopsis Root}},
	Volume = {8},
	Year = {1996}}

@article{dicristina01,
	Author = {M. D. DiCristina and G. Sessa and L. Dolan and P. Linstead and S. Baima and I. Ruberti and G. Morelli},
	Date-Added = {2012-09-25 00:00:59 +0100},
	Date-Modified = {2017-09-20 19:32:42 +0000},
	Journal = {Plant J.},
	Pages = {393--402},
	Title = {The {A}rabidopsis {A}thb-10 ({GLABRA}2) {I}s {A}n {HD}-{Z}ip {P}rotein {R}equired {F}or {R}egulation {O}f {R}oot {H}air {D}evelopment},
	Volume = {10},
	Year = {1996}}

@article{freshours01,
	Author = {G. Freshours and R. P. Clay and M. S. Fuller and P. Albersheim and A. G. Darvill and M. G. Hahn},
	Date-Added = {2012-09-24 16:47:45 +0100},
	Date-Modified = {2017-09-20 20:32:38 +0000},
	Journal = {Plant. Physiol.},
	Pages = {1413--1429},
	Title = {{Developmental And Tissue-Specific Structural Alterations Of The Cell-Wall Polysaccharides Of Arabidopsis Thaliana Roots}},
	Volume = {110},
	Year = {1996}}

@article{galway01,
	Author = {M. E. Galaway and J. D. Masucci and A.M. Lloyd and V. Walbot and R. W. Davis and J. W. Schiefelbein},
	Date-Added = {2012-09-24 16:44:13 +0100},
	Date-Modified = {2017-09-20 04:44:52 +0000},
	Journal = {Dev. Biol.},
	Pages = {740--754},
	Title = {The {TTG} {G}ene {I}s {R}equired {T}o {S}pecify {E}pidermal {C}ell {F}ate {A}nd {C}ell {P}atterning {I}n {T}he {A}rabidopsis {R}oot},
	Volume = {166},
	Year = {1994}}

@article{dolan01,
	Author = {L. Dolan and C. Duckett and C. Grierson and P. Linstead and K. Schneider and E. Lawson and C. Dean and S. Poethig and K. Roberts},
	Date-Added = {2012-09-24 16:40:17 +0100},
	Date-Modified = {2017-09-20 20:35:35 +0000},
	Journal = {Development},
	Pages = {2465--2474},
	Title = {{Clonal Relations And Patterning In The Root Epidermis Of Arabidopsis}},
	Volume = {120},
	Year = {1994}}

@article{berger01,
	Author = {F. Berger and C.{--}Y. Hung and L. Dolan and J. Schiefelbein},
	Date-Added = {2012-09-24 16:37:43 +0100},
	Date-Modified = {2017-09-20 20:33:35 +0000},
	Journal = {Dev. Biol.},
	Pages = {235-245},
	Title = {{Control Of Cell Division In The Root Epidermis Of Arabidopsis Thaliana}},
	Volume = {194},
	Year = {1998}}

@article{mjones02,
	Author = {M. A. Jones and J{--}J. Shen and Y. Fu and H. Li and Z. Yang and C. Grierson},
	Date-Added = {2012-09-19 09:21:45 +0100},
	Date-Modified = {2017-09-20 19:25:27 +0000},
	Journal = {The Plant Cell},
	Number = {4},
	Pages = {763--776},
	Title = {The {A}rabidopsis {R}op2 {GTP}ase {I}s {A} {P}ositive {R}egulator {O}f {B}oth {R}oot {H}air {I}nitiation {A}nd {T}ip {G}rowth},
	Volume = {14},
	Year = {2002}}

@article{carol01,
	Author = {R. J. Carol and S. Takeda and P. Linstead and M. C. Durrant and H. Kakesova and P. Derbyshire and S. Drea and V. Zarsky and L. Dolan},
	Date-Added = {2012-09-19 08:56:36 +0100},
	Date-Modified = {2017-09-20 20:44:42 +0000},
	Journal = {Nature},
	Pages = {1013--1016},
	Title = {{A RhoGDP Dissociation Inhibitor Spatially Regulates Growth in Root Hair Cells}},
	Volume = {438},
	Year = {2005}}

@article{massuci01,
	Author = {J. D. Masucci and J. W. Schiefelbein},
	Date-Added = {2012-09-19 08:40:38 +0100},
	Date-Modified = {2017-09-20 04:48:17 +0000},
	Journal = {Plant. Physiol.},
	Pages = {1335-1346},
	Title = {The rhd6 {M}utation {O}f {A}rabidopsis thaliana {A}lters {R}oot-{H}air {I}nitiation {T}rhough {A}n {A}uxin- {A}nd {E}thylene-{A}ssociated {P}rocess},
	Volume = {106},
	Year = {1994}}

@article{rigas01,
	Author = {S. Rigas and G. Debrosses and K. Haralampidis and F. Vicente{--}Angulo and K. A. Feldman and A. Grabov and L. Dolan and P. Hatzpoulos},
	Date-Added = {2012-09-19 08:28:34 +0100},
	Date-Modified = {2017-09-20 04:42:37 +0000},
	Journal = {The Plant Cell},
	Pages = {139--151},
	Title = {{TRH}1 {E}ncondes {A} {P}otassium {T}ransporter {R}equired {F}or {T}ip {G}rowth {I}n {A}rabidopsis {R}oot {H}airs},
	Volume = {13},
	Year = {2001}}

@article{geldner01,
	Author = {N. Geldner and N. Anders and H. Wolters and J. Keicher and W. Kornberger and P. Muller and A. Delbarre and T. Ueda and A. Nakano and G. J{\"u}ngens},
	Date-Added = {2012-09-18 21:58:37 +0100},
	Date-Modified = {2017-09-20 19:26:10 +0000},
	Journal = {Cell},
	Number = {2},
	Pages = {219-230},
	Title = {The {A}rabidopsis {GNOM} {ARF}-{GEF} {M}ediates {E}ndosomal {R}ecycling, {A}uxin {T}ransport, {A}nd {A}uxin-{D}ependent {P}lant {G}rowth.},
	Volume = {112},
	Year = {2003}}

@book{evans01,
	Author = {L. C. Evans},
	Date-Added = {2012-04-25 13:45:05 +0200},
	Date-Modified = {2017-09-20 20:48:53 +0000},
	Publisher = {American Mathematical Society},
	Series = {Graduate Series in Mathematics},
	Title = {{Partial Diffetential Equations: Second Edition}},
	Volume = {19},
	Year = {2010}}

@article{gray01,
	Author = {P. Gray and S. K. Scott},
	Date-Added = {2012-04-23 13:31:13 +0200},
	Date-Modified = {2017-09-20 20:41:30 +0000},
	Journal = {Chem. Eng. Sci.},
	Pages = {1087--1097},
	Title = {{Autocatalytic Reactions In The Isothermal, Continuous Stirred Tank Reactor: Oscillations And Instabilities In The System $\vectorr A+2\vectorr B\rightarrow 3\vectorr B$, $\vectorr B\rightarrow\vectorr C$}},
	Volume = {39},
	Year = {1984}}

@article{pearson01,
	Author = {J. E. Pearson},
	Date-Added = {2012-04-23 13:29:49 +0200},
	Date-Modified = {2017-09-20 20:34:53 +0000},
	Journal = {Science},
	Pages = {189--192},
	Title = {{Complex Patterns In A Simple System}},
	Volume = {216},
	Year = {1993}}

@article{kondo01,
	Author = {S. Kondo and T. Miura},
	Date-Added = {2012-04-23 12:07:30 +0200},
	Date-Modified = {2017-09-20 19:51:43 +0000},
	Journal = {Science},
	Pages = {1616--1620},
	Title = {{Reaction-Diffusion Model As A Framework For Understanding Biological Pattern Formation}},
	Volume = {329},
	Year = {2010}}

@article{lesmes01,
	Author = {F. Lesmes and D. Hochberg and F. Mor{\'a}n and J. P{\'e}rez{--}Mercader},
	Date-Added = {2012-04-17 17:56:33 +0200},
	Date-Modified = {2017-09-20 20:17:14 +0000},
	Journal = {Phys. Rev. Lett.},
	Number = {23},
	Title = {{Noise-Controlled Self-Replicating Patterns}},
	Volume = {91},
	Year = {2003}}

@article{mazin01,
	Author = {W. Mazin and K. E. Rasmussen and E. Mosekilde and P. Borckans and G. Dewel},
	Date-Added = {2012-04-17 17:46:02 +0200},
	Date-Modified = {2017-09-20 20:08:22 +0000},
	Journal = {Mathematics and Computers in Simulation},
	Pages = {371--369},
	Title = {{Pattern Formation In The Bistable Gray--Scott Model}},
	Volume = {40},
	Year = {1996}}

@book{okubo01,
	Author = {A. Okubo and S. A. Levin},
	Date-Added = {2012-04-17 15:26:38 +0200},
	Date-Modified = {2017-09-20 20:50:37 +0000},
	Edition = {2nd ed.},
	Publisher = {Springer--Verlag New York Inc.},
	Series = {Interdisciplinary applied mathematics},
	Title = {{Diffusion And Ecological Problems: Modern Perspectives}},
	Year = {2009}}

@article{meinh01,
	Author = {H. Meinhardt and A. Gierer},
	Date-Added = {2012-04-17 14:05:44 +0200},
	Date-Modified = {2017-09-20 20:14:38 +0000},
	Journal = {Bioessays},
	Pages = {753--760},
	Title = {{Pattern Formation By Local Self-Activation And Lateral Inhibition}},
	Year = {2000}}

@article{gierer01,
	Author = {A. Gierer and H. Meinhardt},
	Date-Added = {2012-04-17 14:02:17 +0200},
	Date-Modified = {2017-09-20 20:43:26 +0000},
	Doi = {10.1007/BF00289234},
	Journal = {Biological Cybernetics},
	Number = {1},
	Pages = {30--39},
	Title = {{A Theory Of Biological Pattern Formation}},
	Volume = {12},
	Year = {1972},
	Bdsk-Url-1 = {http://www.springerlink.com/content/t541854v22417131/fulltext.pdf},
	Bdsk-Url-2 = {http://dx.doi.org/10.1007/BF00289234}}

@book{darcy,
	Address = {Cambridge},
	Author = {D'Arcy Thompson},
	Date-Added = {2012-04-16 17:44:24 +0200},
	Date-Modified = {2017-09-20 20:49:03 +0000},
	Edition = {2nd},
	Publisher = {Cambridge University Press},
	Title = {{On Growth And Form}},
	Year = {1963}}

@book{edmund01,
	Author = {L. N. Edmunds},
	Date-Added = {2012-04-16 16:34:57 +0200},
	Date-Modified = {2017-09-20 20:51:35 +0000},
	Publisher = {Springer--Verlag New York Inc.},
	Title = {{Cellular And Molecular Bases Of Biological Clocks: Models And Mechanisms For Circadian Timekeeping}},
	Year = {1088}}

@article{miro01,
	Author = {R. E. Mirollo and S. H. Strogatz},
	Date-Added = {2012-04-16 16:32:04 +0200},
	Date-Modified = {2017-09-20 19:33:04 +0000},
	Journal = {SIAM J. Appl. Math.},
	Number = {6},
	Pages = {1645--1662},
	Title = {Synchronisation {O}f {P}ulse-{C}oupled {B}iological {O}scillations},
	Volume = {50},
	Year = {1990}}

@article{goroc01,
	Author = {T. Gorochowski},
	Date-Added = {2012-04-16 16:25:37 +0200},
	Date-Modified = {2017-09-20 20:27:45 +0000},
	Doi = {10.1103/PhysRevE.81.056212},
	Journal = {Phys. Rev. E},
	Number = {5},
	Title = {{Evolving Enhanced Topologies For The Synchronization Of Dynamical Complex Networks}},
	Volume = {81},
	Year = {2010},
	Bdsk-Url-1 = {http://dx.doi.org/10.1103/PhysRevE.81.056212}}

@article{tass01,
	Author = {P. Tass},
	Date-Added = {2012-04-16 16:09:59 +0200},
	Date-Modified = {2017-09-20 20:33:02 +0000},
	Doi = {10.1007/BF00712345},
	Journal = {J. Biol. Phys.},
	Number = {3},
	Pages = {177--210},
	Title = {{Cortical Pattern Formation During Visual Hallucinations}},
	Volume = {21},
	Year = {1995},
	Bdsk-Url-1 = {http://www.springerlink.com/content/l4040l817tv23754/fulltext.pdf},
	Bdsk-Url-2 = {http://dx.doi.org/10.1007/BF00712345}}

@article{pastor01,
	Author = {R. Pastor{--}Satorras},
	Date-Added = {2012-04-16 16:02:49 +0200},
	Date-Modified = {2017-09-20 20:27:54 +0000},
	Doi = {10.1103/PhysRevLett.86.3200},
	Journal = {Phys. Rev. Lett.},
	Number = {14},
	Pages = {3200--3203},
	Title = {{Epidemic Spreading In Scale-Free Networks}},
	Volume = {86},
	Year = {2001},
	Bdsk-Url-1 = {http://dx.doi.org/10.1103/PhysRevLett.86.3200}}

@book{harper01,
	Address = {London},
	Author = {J. L. Harper and A. D. Bell},
	Date-Added = {2012-04-16 15:56:25 +0200},
	Date-Modified = {2017-09-20 20:47:54 +0000},
	Publisher = {Blackwell Sci. Publ.},
	Series = {Population dynamics},
	Title = {{The Population Dynamics Of Growth Form In Organisms With Modular Construction}},
	Year = {1979}}

@article{vf01,
	Author = {Faustino S{\'a}nchez{--}Gardu{\~n}o and V{\'\i}ctor F. Bre{\~n}a{--}Medina},
	Date-Added = {2012-04-16 15:52:21 +0200},
	Date-Modified = {2017-09-20 19:48:00 +0000},
	Doi = {10.1007/s11538-010-9599-z},
	Journal = {Bulletin of Mathematical Biology},
	Number = {5},
	Pages = {1118--1153},
	Title = {{Searching For Spatial Patterns In A Pollinator-Plant-Herbivore Mathematical Model}},
	Volume = {73},
	Year = {2011},
	Bdsk-Url-1 = {http://www.springerlink.com/content/t1n1r1p332678375/export-citation/fulltext.pdf},
	Bdsk-Url-2 = {http://dx.doi.org/10.1007/s11538-010-9599-z}}

@book{murra01,
	Address = {New York},
	Author = {J.D. Murray},
	Date-Added = {2012-04-16 15:49:26 +0200},
	Date-Modified = {2017-09-20 20:50:24 +0000},
	Edition = {3rd.},
	Publisher = {Springer--Verlag New York Inc.},
	Title = {{Mathematical Biology I: An Introduction}},
	Year = {2002}}

@article{steels01,
	Author = {L. Steels},
	Date-Added = {2012-04-16 13:11:40 +0200},
	Date-Modified = {2017-09-20 20:22:04 +0000},
	Journal = {L. N. Comp. Sci.},
	Number = {2000},
	Pages = {17--26},
	Title = {{Language As A Complex Adaptive System}},
	Volume = {1917},
	Year = {2000}}

@article{boer01,
	Author = {Bart de Boer},
	Date-Added = {2012-04-16 13:04:39 +0200},
	Date-Modified = {2017-09-20 19:47:43 +0000},
	Journal = {Journal of Phonetics},
	Pages = {441--465},
	Title = {{Self-Organisation In Vowel Systems}},
	Volume = {28},
	Year = {2000}}

@article{guder01,
	Author = {A. Guderian and G. Dechert and K.{--}P. Zeyer and F. W. Schneider},
	Date-Added = {2012-04-16 12:43:54 +0200},
	Date-Modified = {2017-09-20 19:35:04 +0000},
	Journal = {J. Phys. Chem.},
	Number = {11},
	Pages = {4437--4441},
	Title = {Stochastic {R}esonance {I}n {C}hemistry. 1. {T}he {B}elousov--{Z}habotinsky {R}eaction},
	Volume = {100},
	Year = {1996}}

@article{vanag01,
	Author = {V. K. Vanag and A. M. Zhabotinsky and I. R. Epstein},
	Date-Added = {2012-04-16 12:40:00 +0200},
	Date-Modified = {2017-09-20 20:15:07 +0000},
	Journal = {Phys. Rev. Lett.},
	Number = {3},
	Pages = {552--555},
	Title = {{Oscillatory Clusters In The Periodically Illuminated, Spatially Extended Belousov--Zhabotinsky Reaction}},
	Volume = {86},
	Year = {2001}}

@article{noyes01,
	Author = {R. Noyes and S. D. Furrow},
	Date-Added = {2012-04-16 12:35:19 +0200},
	Date-Modified = {2017-09-20 04:48:48 +0000},
	Journal = {J. Am. Chem. Soc.},
	Pages = {45--48},
	Title = {The {O}scillatory {B}riggs--{R}auscher {R}eaction. 3. {A} {S}keleton {M}echanism {F}or {O}scillations},
	Volume = {104},
	Year = {1982}}

@article{berge01,
	Author = {P. Berg{\'e} and M. Dubois},
	Date-Added = {2012-04-16 12:27:26 +0200},
	Date-Modified = {2017-09-20 19:52:03 +0000},
	Journal = {Contemp. Phys.},
	Number = {6},
	Pages = {535--582},
	Title = {{Rayleigh--B{\'e}nard Convection}},
	Volume = {25},
	Year = {1984}}

@article{were01,
	Author = {S. Wereley and R. M. Lueptow},
	Date-Added = {2012-04-16 12:20:13 +0200},
	Date-Modified = {2017-09-20 19:40:29 +0000},
	Journal = {J. Fluid Mech.},
	Pages = {59--80},
	Title = {Spatio-{T}emporal {C}haracter {O}f {N}on-{W}avy {A}nd {W}avy {T}aylor--{C}ouette {F}low},
	Volume = {364},
	Year = {1998}}

@article{golub02,
	Author = {M. Golubitsky and I. Stewart},
	Date-Added = {2012-04-16 12:15:32 +0200},
	Date-Modified = {2017-09-20 19:33:24 +0000},
	Journal = {SIAM J. Math. Anal.},
	Number = {2},
	Pages = {249--288},
	Title = {Symmetry {A}nd {S}tability {I}n {T}aylor--{C}ouette {F}low},
	Volume = {17},
	Year = {1986}}

@article{alab01,
	Author = {M. N. Alahbabi and Y. T. Chao and T. P. Newson},
	Date-Added = {2012-04-16 11:55:28 +0200},
	Date-Modified = {2017-09-20 20:47:10 +0000},
	Journal = {J. Opt. Soc. Am. B},
	Pages = {1321--1324},
	Title = {{150-km-Range Distributed Temperature Sensor Based On Coherent Detection Of Spontaneous Brillouin Backscatter And In-Line Raman Amplification}},
	Volume = {22},
	Year = {2005}}

@article{chiao01,
	Author = {R. Chiao},
	Date-Added = {2012-04-16 11:46:16 +0200},
	Date-Modified = {2017-09-20 19:35:34 +0000},
	Doi = {10.1103/PhysRevLett.12.592},
	Journal = {Phys. Rev. Lett.},
	Number = {21},
	Pages = {592--595},
	Title = {Stimulated {B}rillouin {S}cattering {A}nd {C}oherent {G}eneration {O}f {I}ntense {H}ypersonic {W}aves},
	Volume = {12},
	Year = {1964},
	Bdsk-Url-1 = {http://dx.doi.org/10.1103/PhysRevLett.12.592}}

@article{turing,
	Author = {A. M. Turing},
	Date-Added = {2012-04-16 11:33:44 +0200},
	Date-Modified = {2017-09-20 19:24:44 +0000},
	Journal = {Phil. Trans. R. Soc. Lond. B},
	Number = {641},
	Pages = {37--72},
	Title = {The {C}hemical {B}asis {O}f {M}orphogenesis},
	Volume = {237},
	Year = {1952}}

@book{gilbert01,
	Author = {Scott F. Gilbert},
	Date-Added = {2012-04-15 15:36:57 +0200},
	Date-Modified = {2017-09-20 20:50:43 +0000},
	Edition = {6th edition},
	Publisher = {Sunderland (MA): Sinauer Associates},
	Title = {{Developmental Biology}},
	Year = {2000}}

@article{band01,
	Author = {L. R. Band and J. R. King},
	Date-Added = {2012-04-03 09:18:00 +0200},
	Date-Modified = {2017-09-20 20:17:40 +0000},
	Journal = {J. Math. Biol.},
	Pages = {743--785},
	Title = {{Multiscale Modelling Of The Auxin Transport In The Plant-Root Elongation Zone}},
	Volume = {65},
	Year = {2011}}

@article{debbie01,
	Author = {D. L. Benson and J. A. Sherrat and P. K. Maini},
	Date-Added = {2012-03-28 17:01:14 +0200},
	Date-Modified = {2017-09-20 20:30:35 +0000},
	Journal = {Bull. Math. Biol.},
	Number = {2},
	Pages = {365--384},
	Title = {{Diffusion Driven Instability In A Inhomogeneous Domain}},
	Volume = {55},
	Year = {1993}}

@book{golub01,
	Author = {M. Golubitsky and D. Schaeffer},
	Date-Added = {2012-03-22 19:51:24 +0100},
	Date-Modified = {2017-09-20 20:48:22 +0000},
	Publisher = {New York: Springer--Verlag},
	Title = {{Singularities And Groups In Bifurcation Theory}},
	Volume = {1},
	Year = {1985}}

@article{sorek01,
	Author = {N. Sorek and O. Gutman and E. Bar and M. Abu{--}Abied and X. Feng and M.P. Running and E. Lewinsohn and N. Ori and E. Sadot and Y.I. Henis and S. Yalovsky},
	Date-Added = {2012-03-05 16:42:43 +0100},
	Date-Modified = {2017-09-20 20:31:46 +0000},
	Journal = {Plant. Physiol.},
	Pages = {706--720},
	Title = {{Differential Effects Of Prenylation And {S}-Acylation On Type I And II ROPs Membrane Interaction and Function}},
	Volume = {155},
	Year = {2011}}

@article{wei02,
	Author = {J. Wei},
	Date-Added = {2012-03-05 15:12:00 +0100},
	Date-Modified = {2017-09-20 20:15:59 +0000},
	Journal = {Europ. J. Appl. Math.},
	Number = {4},
	Pages = {353--378},
	Title = {{On Single Interior Spike Solutions For The Gierer--Meinhardt System: Uniqueness And Stability Estimates}},
	Volume = {10},
	Year = {1999}}

@article{page01,
	Author = {K.M. Page and P. Maini and N.A.M. Monk},
	Date-Added = {2012-03-05 15:10:21 +0100},
	Date-Modified = {2017-09-20 20:35:16 +0000},
	Journal = {Physica D},
	Pages = {95--115},
	Title = {{Complex Pattern Formation In Reaction-Diffusion Systems With Spatially Varying Parameters}},
	Volume = {202},
	Year = {2005}}

@article{page02,
	Author = {K.M. Page and P. Maini and N.A.M. Monk},
	Date-Added = {2012-03-05 15:06:55 +0100},
	Date-Modified = {2017-09-20 20:13:50 +0000},
	Journal = {Physica D},
	Pages = {80--101},
	Title = {{Pattern Formation In Spatially Heterogenous Turing Reaction-Diffusion Models}},
	Volume = {181},
	Year = {2003}}

@article{nagaw01,
	Author = {S. Nagawa and T. Xu and Z. Yang},
	Date-Added = {2012-03-05 14:54:23 +0100},
	Date-Modified = {2017-09-20 19:49:04 +0000},
	Journal = {Small GTPases},
	Number = {2},
	Pages = {78--88},
	Title = {{Rho GTPases In Plants: Conservation And Invention Of Regulators And Effectors}},
	Volume = {1},
	Year = {2010}}

@article{iron03,
	Author = {D. Iron and M.J. Ward},
	Date-Added = {2012-03-05 14:52:33 +0100},
	Date-Modified = {2017-09-20 14:22:08 +0000},
	Journal = {SIAM J. Appl. Math.},
	Pages = {1924--1951},
	Title = {The {D}ynamics {O}f {M}ulti-{S}pikes {S}olutions {T}o {T}he {O}ne-{D}imensional {G}ierer--{M}einhardt {M}odel},
	Volume = {62},
	Year = {2002}}

@article{glimm02,
	Author = {T. Glimm and J. Zhang and Y.{--}Q. Shen and S. Newman},
	Date-Added = {2012-03-05 14:49:57 +0100},
	Date-Modified = {2017-09-20 19:51:10 +0000},
	Journal = {Bull. Math. Biol.},
	Pages = {666--687},
	Title = {{Reaction-Diffusion Systems And External Morphogen Gradients: The Two-Dimensional Case, With An Application To Skeletal Pattern Formation}},
	Volume = {74},
	Year = {2012}}

@article{glimm01,
	Author = {T. Glimm and J. Zhang and Y.{--}Q. Shen},
	Date-Added = {2012-03-05 14:41:06 +0100},
	Date-Modified = {2017-09-20 20:22:27 +0000},
	Journal = {Nonlinearity},
	Number = {10},
	Pages = {2541-2560},
	Title = {{Interaction Of Turing Patterns With An External Linear Morphogen Gradient}},
	Volume = {22},
	Year = {2009}}

@article{buste01,
	Author = {X.R. Bustelo and V. Sauzeau and I.M. Berenjeno},
	Date-Added = {2012-03-05 14:33:02 +0100},
	Date-Modified = {2017-09-20 20:25:27 +0000},
	Journal = {Bioessays},
	Number = {4},
	Pages = {356--370},
	Title = {{GTP-Binding Proteins Of The Rho/Rac Family: Regulation, Effectors And Functions In Vivo}},
	Volume = {29},
	Year = {2007}}

@article{wei01,
	Author = {J. Wei and M. Winter},
	Date-Added = {2011-06-09 15:56:22 +0100},
	Date-Modified = {2017-09-20 19:35:57 +0000},
	Journal = {J. Math. Biol.},
	Number = {1},
	Pages = {53--89},
	Title = {Stationary {M}ultiple {S}pots {F}or {R}eaction-{D}iffusion {S}ystems},
	Volume = {57},
	Year = {2008}}

@article{ward02,
	Author = {M.J. Ward and D. Mcinerney and P. Houston and D. Gavaghan and P. Maini},
	Date-Added = {2011-06-09 15:55:13 +0100},
	Date-Modified = {2017-09-20 14:23:00 +0000},
	Journal = {SIAM J. Appl. Math.},
	Number = {4},
	Pages = {1297--1328},
	Title = {The {D}ynamics {A}nd {P}inning {O}f {A} {S}pike {F}or {A} {R}eaction-{D}iffusion {S}ystem},
	Volume = {62},
	Year = {2002}}

@article{ward01,
	Author = {M. J. Ward and J. Wei},
	Date-Added = {2011-06-09 15:54:05 +0100},
	Date-Modified = {2017-09-20 14:20:38 +0000},
	Journal = {Studies in Appl. Math.},
	Number = {3},
	Pages = {229--264},
	Title = {The {E}xistence {A}nd {S}tability {O}f {A}symmetric {S}pike {P}atterns {F}or {T}he {S}chnakenberg {M}odel},
	Volume = {109},
	Year = {2002}}

@book{ridge,
	Address = {Berlin, Heidelberg},
	Date-Added = {2011-06-09 15:51:48 +0100},
	Date-Modified = {2017-09-20 20:48:48 +0000},
	Editor = {R.W. Ridge and A.M.C. Emons},
	Publisher = {Springer},
	Title = {{Root Hairs: Cell And Molecular Biology}},
	Year = {2000}}

@article{ricar01,
	Author = {M.R. Ricard and S. Mischler},
	Date-Added = {2011-06-09 15:50:55 +0100},
	Date-Modified = {2017-09-20 04:41:58 +0000},
	Journal = {J. Nonlinear Sci.},
	Number = {5},
	Pages = {467--496},
	Title = {Turing {I}nstabilities {A}t {H}opf {B}ifurcation},
	Volume = {19},
	Year = {2009}}

@article{payne01,
	Author = {R.J.H. Payne and C.S. Grierson},
	Date-Added = {2011-06-09 15:48:34 +0100},
	Date-Modified = {2017-09-20 20:43:53 +0000},
	Journal = {PLoS ONE},
	Number = {12},
	Pages = {e8337. doi:10.1371/journal.pone.0008337},
	Title = {{A Theoretical Model For ROP Localisation By Auxin In Arabidopsis Root Hair Cells}},
	Volume = {4},
	Year = {2009}}

@article{park01,
	Author = {H.{--}O. Park and E. Bi},
	Date-Added = {2011-06-09 15:47:45 +0100},
	Date-Modified = {2017-09-20 20:37:03 +0000},
	Journal = {Microbiol. Mol. Biol. Rev.},
	Pages = {48--96},
	Title = {{Central Roles Of Small GTPases In The Development Of Cell Polarity In Yeast And Beyond}},
	Volume = {71},
	Year = {2007}}

@article{otsu01,
	Author = {M. Otsuji and S. Ishihara and C. Co and K. Kaibuchi and A. Mochizuki},
	Date-Added = {2011-06-09 15:45:47 +0100},
	Date-Modified = {2017-09-20 20:46:31 +0000},
	Journal = {PLoS Computational Biology},
	Number = {6},
	Pages = {e108. doi:10.1371/journal.pcbi.0030108},
	Title = {{A Mass Conserved Reaction-Diffusion System Captures Properties Of Cell Polarity}},
	Volume = {3},
	Year = {2007}}

@article{nishi01,
	Author = {Y. Nishiura and D. Ueyama},
	Date-Added = {2011-06-09 15:44:55 +0100},
	Date-Modified = {2017-09-20 19:40:51 +0000},
	Journal = {Physica D},
	Pages = {137--162},
	Title = {Spatio-{T}emporal {C}haos {F}or {T}he {G}ray--{S}cott {M}odel},
	Volume = {150},
	Year = {2001}}

@book{murra02,
	Address = {New York},
	Author = {J.D. Murray},
	Date-Added = {2011-06-09 15:43:32 +0100},
	Date-Modified = {2017-09-20 20:50:13 +0000},
	Edition = {3rd.},
	Publisher = {Springer--Verlag New York Inc.},
	Title = {{Mathematical Biology II: Spatial Models And Biomedical Applications}},
	Year = {2002}}

@article{mori01,
	Author = {Y. Mori and A. Jilkine and L. Edelstein{--}Keschet},
	Date-Added = {2011-06-09 15:42:13 +0100},
	Date-Modified = {2017-09-20 04:38:34 +0000},
	Journal = {Biophysical Journal},
	Pages = {3684--3697},
	Title = {Wave-{P}inning {A}nd {C}ell {P}olarity {F}rom {A} {B}istable {R}eaction-{D}iffusion {S}ystem},
	Volume = {94},
	Year = {2008}}

@article{molen01,
	Author = {A.K. Molendijk and F. Bischoff and C.S.V. Rajendrakumar and J. Friml and M. Braun},
	Date-Added = {2011-06-09 15:40:40 +0100},
	Date-Modified = {2017-09-20 20:42:19 +0000},
	Journal = {EMBO J.},
	Pages = {2779--2788},
	Title = {{Arabidopsis Thaliana ROP GTPases Are Localized To Tips Of Root Hairs And Control Polar Growth}},
	Volume = {20},
	Year = {2001}}

@article{matties01,
	Author = {K. Matties and C.E. Wayne},
	Date-Added = {2011-06-09 15:38:34 +0100},
	Date-Modified = {2017-09-20 04:38:50 +0000},
	Journal = {Proceedings of the Royal Society of Edinburgh},
	Pages = {971--995},
	Title = {Wave {P}inning {I}n {S}trips},
	Volume = {136A},
	Year = {2006}}

@article{lander01,
	Author = {A. D. Lander},
	Date-Added = {2011-06-09 15:37:35 +0100},
	Date-Modified = {2017-09-20 19:53:43 +0000},
	Journal = {Cell},
	Number = {6},
	Pages = {955--969},
	Title = {{Pattern, Growth, And Control}},
	Volume = {144},
	Year = {2011}}

@article{kolo01,
	Author = {T. Kolokolnikov and M. J. Ward and J. Wei},
	Date-Added = {2011-06-09 15:34:07 +0100},
	Date-Modified = {2017-09-20 19:38:09 +0000},
	Journal = {J. Nonlinear Sci.},
	Pages = {1--56},
	Title = {Spot {S}elf-{R}eplication {A}nd {D}ynamics {F}or {T}he {S}chnakenberg {M}odel {I}n {A} {T}wo-{D}imensional {D}omain},
	Volume = {19},
	Year = {2009}}

@article{jones01,
	Author = {A.R. Jones and E.M. Kramer and K. Knox and R. Swarup and M.J. Bennett and C.M. Lazary and H.M. Ottoline Leyser and C.S. Grierson},
	Date-Added = {2011-06-09 15:32:48 +0100},
	Date-Modified = {2017-09-20 20:40:27 +0000},
	Journal = {Nat. Cell. Biol.},
	Number = {1},
	Pages = {78--84},
	Title = {{Auxin Transport Through Non-Hair Cells Sustains Root-Hair Development}},
	Volume = {11},
	Year = {2009}}

@article{jilk01,
	Author = {A. Jilkine and A.F. Maree and L. Edelstein{--}Keschet},
	Date-Added = {2011-06-09 15:31:24 +0100},
	Date-Modified = {2017-09-20 20:19:31 +0000},
	Journal = {Bull. Math. Biol.},
	Number = {6},
	Pages = {1943--1978},
	Title = {{Mathematical Model For Spatial Segregation Of The Rho-Family GTPases Based On Inhibitory Crosstalk}},
	Volume = {69},
	Year = {2007}}

@article{jens02,
	Author = {J. D. M. Rademacher},
	Date-Added = {2011-06-09 15:30:25 +0100},
	Date-Modified = {2017-09-20 20:27:24 +0000},
	Journal = {SIAM J. Appl. Dyn. Sys.},
	Number = {1},
	Pages = {175-203},
	Title = {{First And Second Order Semi-Strong Interaction In Reaction-Diffusion Systems}},
	Volume = {12},
	Year = {2013}}

@phdthesis{iron02,
	Address = {Vancouver},
	Author = {D. Iron},
	Date-Added = {2011-06-09 15:27:30 +0100},
	Date-Modified = {2017-09-20 20:53:46 +0000},
	School = {University of British Columbia},
	Title = {{The Stability And Dynamics Of Spike-Type Solutions To The Gierer--Meinhardt Model}},
	Year = {2001}}

@article{iron01,
	Author = {D. Iron and J. Wei and M. Winter},
	Date-Added = {2011-06-09 15:24:30 +0100},
	Date-Modified = {2017-09-20 19:37:28 +0000},
	Journal = {J. Math. Biol.},
	Number = {4},
	Pages = {358--390},
	Title = {Stability {A}nalysis {O}f {T}uring {P}atterns {G}enerated {B}y {T}he {S}chnakenberg {M}odel},
	Volume = {49},
	Year = {2004}}

@book{hassa01,
	Address = {Cambridge},
	Author = {B.D. Hassard and N.D. Kazarinoff and Y--H Wan},
	Date-Added = {2011-06-09 15:22:04 +0100},
	Date-Modified = {2017-09-20 20:47:28 +0000},
	Publisher = {Cambridge University Press},
	Title = {{Theory And Applications Of Hopf Bifurcation}},
	Year = {1981}}

@article{gorya01,
	Author = {A.B. Goryachev and A.V. Pokhilko},
	Date-Added = {2011-06-09 15:20:06 +0100},
	Date-Modified = {2017-09-20 20:28:44 +0000},
	Journal = {FEBS letters},
	Pages = {1437},
	Title = {{Dynamics Of Cdc42 Network Embodies A Turing-Like Mechanism Of Yeast Cell Polarity}},
	Volume = {582},
	Year = {2008}}

@article{grien01,
	Author = {V.A. Grieneisen and A.F. Maree and P. Hogeweg and B. Scheres},
	Date-Added = {2011-06-09 15:17:12 +0100},
	Date-Modified = {2017-09-20 20:40:51 +0000},
	Journal = {Nature},
	Pages = {1008--1013},
	Title = {{Auxin Transport Is Sufficient To Generate A Maximum And Gradient Guiding Root Growth}},
	Volume = {449},
	Year = {2007}}

@article{etien01,
	Author = {S. Etienne{--}Manneville and A. Hall},
	Date-Added = {2011-06-09 15:14:08 +0100},
	Date-Modified = {2017-09-20 19:49:43 +0000},
	Journal = {Nature},
	Pages = {629--635},
	Title = {{Rho GTPases In Cell Biology}},
	Volume = {420},
	Year = {2002}}

@article{ei01,
	Author = {S. Ei},
	Date-Added = {2011-06-09 15:12:55 +0100},
	Date-Modified = {2017-09-20 04:49:21 +0000},
	Journal = {J. of Dyn. Diff. Equations},
	Pages = {85--137},
	Title = {The {M}otion {O}f {W}eakly {I}nteracting {P}ulses {I}n {R}eaction-{D}iffusion {S}ystems},
	Volume = {14},
	Year = {2002}}

@unpublished{jens01,
	Author = {J. Ehrt and J. D. M. Rademacher and M. Wolfrum},
	Date-Added = {2011-06-09 15:06:40 +0100},
	Date-Modified = {2017-09-20 20:55:01 +0000},
	Note = {Draft version},
	Title = {{First And Second Order Semi-Strong Interaction Of Pulses In The Schnakenberg Model}},
	Year = {2012}}

@article{arjen02,
	Author = {A. Doelman and T.J. Kaper and P.A. Zegeling},
	Date-Added = {2011-06-09 15:05:38 +0100},
	Date-Modified = {2017-09-20 20:08:00 +0000},
	Journal = {Nonlinearity},
	Pages = {523--563},
	Title = {{Pattern Formation In The One-Dimensional Gray--Scott Model}},
	Volume = {10},
	Year = {1997}}

@article{arjen01,
	Author = {A. Doelman and T.J. Kaper},
	Date-Added = {2011-06-09 15:00:14 +0100},
	Date-Modified = {2012-09-27 13:28:48 +0100},
	Journal = {SIAM J. Appl. Dyn. Sys.},
	Number = {1},
	Pages = {53--96},
	Title = {Semistrong pulse interactions in a class of couple reaction-diffusion equations},
	Volume = {2},
	Year = {2003}}

@book{chow01,
	Address = {New York},
	Author = {Shui--Nee Chow and J.L. Hale},
	Date-Added = {2011-06-09 14:58:24 +0100},
	Date-Modified = {2017-09-20 20:49:58 +0000},
	Publisher = {Springer--Verlag New York Inc.},
	Title = {{Methods Of Bifurcation Theory}},
	Year = {1982}}

@article{chen01,
	Author = {W. Chen and M.J. Ward},
	Date-Added = {2011-06-09 14:56:46 +0100},
	Date-Modified = {2017-09-20 04:47:11 +0000},
	Journal = {SIAM J. Appl. Dyn. Sys.},
	Number = {2},
	Pages = {582--666},
	Title = {The {S}tability {A}nd {D}ynamics {O}f {L}ocalized {S}pot {P}atterns {I}n {T}he {T}wo-{D}imensional {G}ray--{S}cott {M}odel},
	Volume = {10},
	Year = {2011}}

@book{ahlfors,
	Address = {New York, London},
	Author = {L.V. Ahlfors},
	Date-Added = {2011-06-09 14:54:19 +0100},
	Date-Modified = {2017-09-20 20:51:08 +0000},
	Edition = {3rd.},
	Publisher = {McGraw--Hill},
	Series = {International series in pure and applied mathematics},
	Title = {{Complex Analysis: An Introduction To The Theory Of Analytic Functions Of One Complex Variable}},
	Year = {1979}}

@unpublished{avitabile16,
	Author = {D. Avitabile},
	Date-Modified = {2017-09-20 20:54:34 +0000},
	Note = {Second International Conference on Mathematical Neuroscience, Antibes Juan-les-Pins},
	Title = {{Numerical Computation Of Coherent Structures In Spatially-Extended Systems}},
	Url = {https://icmns2016.inria.fr/pre-conference-workshop/},
	Year = {2016},
	Bdsk-Url-1 = {https://icmns2016.inria.fr/pre-conference-workshop/}}

@article{Avitabile:2015wg,
	Author = {Avitabile, D and Schmidt, H},
	Date-Modified = {2017-09-20 19:43:32 +0000},
	Journal = {Physica D: Nonlinear Phenomena},
	Pages = {24--36},
	Title = {Snakes {A}nd {L}adders {I}n {A}n {I}nhomogeneous {N}eural {F}ield {M}odel},
	Volume = {294},
	Year = {2015}}

@article{Draelants:2015kv,
	Author = {Draelants, D and Avitabile, D and Vanroose, W},
	Date-Modified = {2017-09-20 20:21:04 +0000},
	Journal = {Journal of The Royal Society Interface},
	Month = mar,
	Number = {106},
	Pages = {20141407},
	Title = {{Localized Auxin Peaks In Concentration-Based Transport Models Of The Shoot Apical Meristem}},
	Volume = {12},
	Year = {2015}}

@article{Thiele:2013er,
	Author = {Thiele, Uwe and Archer, Andrew J and Robbins, Mark J and Gomez, Hector and Knobloch, Edgar},
	Date-Modified = {2017-09-27 17:21:09 +0000},
	Journal = {Physical Review E},
	Month = apr,
	Number = {4},
	Pages = {042915},
	Title = {{Localized States In The Conserved Swift--Hohenberg Equation With Cubic Nonlinearity}},
	Volume = {87},
	Year = {2013}}
